<record><leader>00000cas a22000007a 4500</leader><controlfield tag="001">13577991</controlfield><controlfield tag="008">860516d19651965njuwr ne      0    0eng d</controlfield><datafield ind1=" " ind2=" " tag="010"><subfield code="a">sn 86077159 </subfield></datafield><datafield ind1=" " ind2=" " tag="040"><subfield code="a">NPA</subfield><subfield code="b">eng</subfield><subfield code="c">NPA</subfield><subfield code="d">OCLCQ</subfield></datafield><datafield ind1=" " ind2=" " tag="042"><subfield code="a">msc</subfield></datafield><datafield ind1="0" ind2=" " tag="130"><subfield code="a">Press journal (Englewood, N.J. : 1965 : Teaneck ed.)</subfield></datafield><datafield ind1="1" ind2="0" tag="245"><subfield code="a">Press journal.</subfield></datafield><datafield ind1="1" ind2="3" tag="246"><subfield code="a">Press journal Teaneck sun</subfield><subfield code="f">Sept. 15-22, 1965</subfield></datafield><datafield ind1=" " ind2=" " tag="250"><subfield code="a">Teaneck ed.</subfield></datafield><datafield ind1=" " ind2=" " tag="260"><subfield code="a">Englewood, N.J. :</subfield><subfield code="b">Palisades Pub.,</subfield><subfield code="c">1965.</subfield></datafield><datafield ind1=" " ind2=" " tag="300"><subfield code="a">v. :</subfield><subfield code="b">ill.</subfield></datafield><datafield ind1=" " ind2=" " tag="310"><subfield code="a">Weekly</subfield></datafield><datafield ind1="0" ind2=" " tag="362"><subfield code="a">Vol. 92, no. 16 (Aug. 21, 1965)-v. 92, no. 38 (Sept. 22, 1965).</subfield></datafield><datafield ind1=" " ind2=" " tag="500"><subfield code="a">Published as: Press journal Teaneck sun, Sept. 15-22, 1965.</subfield></datafield><datafield ind1=" " ind2=" " tag="530"><subfield code="a">Also issued on microfilm by Rutgers University Library.</subfield></datafield><datafield ind1=" " ind2=" " tag="752"><subfield code="a">United States</subfield><subfield code="b">New Jersey</subfield><subfield code="c">Bergen</subfield><subfield code="d">Englewood.</subfield></datafield><datafield ind1=" " ind2=" " tag="752"><subfield code="a">United States</subfield><subfield code="b">New Jersey</subfield><subfield code="c">Bergen</subfield><subfield code="d">Teaneck.</subfield></datafield><datafield ind1="0" ind2="0" tag="780"><subfield code="t">New press journal (Englewood, N.J. : 1965 : Region 1 ed.)</subfield><subfield code="w">(DLC)sn 86077155</subfield></datafield><datafield ind1="0" ind2="0" tag="785"><subfield code="t">Teaneck sun (1965)</subfield><subfield code="w">(DLC)sn 86077154</subfield></datafield></record>